[gd_scene load_steps=5 format=2]

[ext_resource path="res://Game/ShowTeam/ShowTeam.gd" type="Script" id=1]
[ext_resource path="res://GUI/Theme/MainTheme.tres" type="Theme" id=2]

[sub_resource type="StyleBoxFlat" id=1]
bg_color = Color( 1, 0.396078, 0.305882, 0.839216 )
border_width_left = 10
border_width_top = 10
border_width_right = 10
border_width_bottom = 10
border_color = Color( 0, 0, 0, 1 )
corner_radius_top_left = 40
corner_radius_top_right = 40
corner_radius_bottom_right = 40
corner_radius_bottom_left = 40

[sub_resource type="Animation" id=2]
resource_name = "open_team"
length = 0.3
tracks/0/type = "bezier"
tracks/0/path = NodePath(".:rect_position:y")
tracks/0/interp = 1
tracks/0/loop_wrap = true
tracks/0/imported = false
tracks/0/enabled = true
tracks/0/keys = {
"points": PoolRealArray( -935, -0.25, 0, 0.25, 0, 0, -0.25, 0, 0.25, 0 ),
"times": PoolRealArray( 0, 0.3 )
}

[node name="ShowTeam" type="Panel"]
anchor_left = 0.5
anchor_right = 0.5
margin_left = -400.0
margin_top = -935.0
margin_right = 400.0
margin_bottom = 145.0
grow_horizontal = 2
grow_vertical = 2
rect_min_size = Vector2( 800, 1080 )
size_flags_horizontal = 3
size_flags_vertical = 3
theme = ExtResource( 2 )
custom_styles/panel = SubResource( 1 )
script = ExtResource( 1 )
__meta__ = {
"_edit_use_anchors_": false
}

[node name="AnimationPlayer" type="AnimationPlayer" parent="."]
anims/open_team = SubResource( 2 )

[node name="VBoxContainer" type="VBoxContainer" parent="."]
anchor_right = 1.0
anchor_bottom = 1.0
__meta__ = {
"_edit_use_anchors_": false
}

[node name="Text" type="MarginContainer" parent="VBoxContainer"]
margin_right = 800.0
margin_bottom = 916.0
size_flags_horizontal = 3
size_flags_vertical = 3
custom_constants/margin_right = 32
custom_constants/margin_top = 32
custom_constants/margin_left = 32
__meta__ = {
"_edit_use_anchors_": false
}

[node name="TeamContainer" type="VBoxContainer" parent="VBoxContainer/Text"]
margin_left = 32.0
margin_top = 32.0
margin_right = 768.0
margin_bottom = 916.0
theme = ExtResource( 2 )
__meta__ = {
"_edit_use_anchors_": false
}

[node name="TeamLabel" type="Label" parent="VBoxContainer/Text/TeamContainer"]
margin_right = 736.0
margin_bottom = 126.0
text = "Other Fascists"
align = 1
__meta__ = {
"_edit_use_anchors_": false
}

[node name="Btn" type="MarginContainer" parent="VBoxContainer"]
margin_top = 924.0
margin_right = 800.0
margin_bottom = 1080.0
custom_constants/margin_right = 10
custom_constants/margin_top = 10
custom_constants/margin_left = 10
custom_constants/margin_bottom = 10
__meta__ = {
"_edit_use_anchors_": false
}

[node name="Button" type="Button" parent="VBoxContainer/Btn"]
margin_left = 10.0
margin_top = 10.0
margin_right = 790.0
margin_bottom = 146.0
grow_horizontal = 0
grow_vertical = 0
size_flags_horizontal = 3
text = "Team"
__meta__ = {
"_edit_use_anchors_": false
}

[connection signal="pressed" from="VBoxContainer/Btn/Button" to="." method="_on_Button_pressed"]
