[gd_scene load_steps=9 format=2]

[ext_resource path="res://Assets/Board/BulletIcon.svg" type="Texture" id=1]
[ext_resource path="res://GUI/Theme/MainTheme.tres" type="Theme" id=2]
[ext_resource path="res://GUI/Theme/Fonts/Autobahn.tres" type="DynamicFontData" id=3]
[ext_resource path="res://Game/Board/BoardElement.gd" type="Script" id=4]
[ext_resource path="res://GUI/Theme/Board/Fascist/Normal.tres" type="StyleBox" id=5]

[sub_resource type="DynamicFont" id=1]
size = 85
font_data = ExtResource( 3 )

[sub_resource type="Animation" id=2]
tracks/0/type = "value"
tracks/0/path = NodePath("MarginContainer/HBoxContainer/ShortInfoLabel:percent_visible")
tracks/0/interp = 1
tracks/0/loop_wrap = true
tracks/0/imported = false
tracks/0/enabled = false
tracks/0/keys = {
"times": PoolRealArray( 0.3, 1 ),
"transitions": PoolRealArray( 1, 1 ),
"update": 0,
"values": [ 0.0, 1.0 ]
}
tracks/1/type = "bezier"
tracks/1/path = NodePath(".:rect_size:x")
tracks/1/interp = 1
tracks/1/loop_wrap = true
tracks/1/imported = false
tracks/1/enabled = true
tracks/1/keys = {
"points": PoolRealArray( 200, -0.25, 0, 0.25, 0, 1200, -0.25, 0, 0.25, 0 ),
"times": PoolRealArray( 0, 1 )
}

[sub_resource type="Animation" id=3]
tracks/0/type = "value"
tracks/0/path = NodePath(".:grow_horizontal")
tracks/0/interp = 1
tracks/0/loop_wrap = true
tracks/0/imported = false
tracks/0/enabled = true
tracks/0/keys = {
"times": PoolRealArray( 0 ),
"transitions": PoolRealArray( 1 ),
"update": 1,
"values": [ 0 ]
}
tracks/1/type = "bezier"
tracks/1/path = NodePath(".:margin_left")
tracks/1/interp = 1
tracks/1/loop_wrap = true
tracks/1/imported = false
tracks/1/enabled = true
tracks/1/keys = {
"points": PoolRealArray( 0, -0.25, 0, 0.25, 0, -1000, -0.25, 0, 0.25, 0 ),
"times": PoolRealArray( 0, 1 )
}

[node name="BoardElement" type="Button"]
margin_left = -1000.0
margin_right = 200.0
margin_bottom = 180.0
grow_horizontal = 0
rect_min_size = Vector2( 200, 100 )
rect_clip_content = true
size_flags_vertical = 3
custom_styles/hover = ExtResource( 5 )
custom_styles/pressed = ExtResource( 5 )
custom_styles/focus = ExtResource( 5 )
custom_styles/normal = ExtResource( 5 )
script = ExtResource( 4 )
__meta__ = {
"_edit_use_anchors_": false
}

[node name="MarginContainer" type="MarginContainer" parent="."]
anchor_top = 0.5
anchor_right = 1.0
anchor_bottom = 0.5
margin_top = -96.0
margin_bottom = 96.0
mouse_filter = 1
custom_constants/margin_right = 32
custom_constants/margin_top = 32
custom_constants/margin_left = 32
custom_constants/margin_bottom = 32
__meta__ = {
"_edit_use_anchors_": false
}

[node name="HBoxContainer" type="HBoxContainer" parent="MarginContainer"]
margin_left = 32.0
margin_top = 32.0
margin_right = 1168.0
margin_bottom = 160.0
theme = ExtResource( 2 )
custom_constants/separation = 64

[node name="Texture" type="TextureRect" parent="MarginContainer/HBoxContainer"]
margin_right = 128.0
margin_bottom = 128.0
rect_min_size = Vector2( 128, 128 )
size_flags_horizontal = 0
size_flags_vertical = 0
texture = ExtResource( 1 )
expand = true
stretch_mode = 2

[node name="ShortInfoLabel" type="RichTextLabel" parent="MarginContainer/HBoxContainer"]
margin_left = 192.0
margin_right = 192.0
mouse_filter = 1
size_flags_horizontal = 3
custom_fonts/normal_font = SubResource( 1 )
bbcode_enabled = true
bbcode_text = "[center]Test[/center]"
text = "Test"
scroll_active = false

[node name="AnimationPlayer" type="AnimationPlayer" parent="."]
anims/open_left_to_right = SubResource( 2 )
anims/open_right_to_left = SubResource( 3 )

[connection signal="pressed" from="." to="." method="_on_PanelContainer_pressed"]
