[gd_scene load_steps=5 format=2]

[ext_resource path="res://GUI/Theme/MainTheme.tres" type="Theme" id=1]
[ext_resource path="res://GUI/StartMenu/LabelVersion.gd" type="Script" id=2]
[ext_resource path="res://GUI/StartMenu/MenuOptions.gd" type="Script" id=3]
[ext_resource path="res://Assets/Logo/V1.svg" type="Texture" id=4]

[node name="StartMenu" type="MarginContainer"]
anchor_right = 1.0
anchor_bottom = 1.0
margin_left = 50.0
margin_top = 50.0
margin_right = -50.0
margin_bottom = -50.0
__meta__ = {
"_edit_use_anchors_": false
}

[node name="CenterContainer" type="CenterContainer" parent="."]
margin_right = 1820.0
margin_bottom = 980.0

[node name="VBoxContainer" type="VBoxContainer" parent="CenterContainer"]
margin_left = 535.0
margin_top = 86.0
margin_right = 1285.0
margin_bottom = 894.0

[node name="TextureRect" type="TextureRect" parent="CenterContainer/VBoxContainer"]
margin_right = 750.0
margin_bottom = 300.0
rect_min_size = Vector2( 0, 300 )
texture = ExtResource( 4 )
expand = true
stretch_mode = 6

[node name="MenuOptions" type="VBoxContainer" parent="CenterContainer/VBoxContainer"]
margin_top = 308.0
margin_right = 750.0
margin_bottom = 808.0
grow_horizontal = 2
grow_vertical = 2
rect_min_size = Vector2( 750, 500 )
size_flags_vertical = 3
alignment = 1
script = ExtResource( 3 )

[node name="JoinGame" type="Button" parent="CenterContainer/VBoxContainer/MenuOptions"]
margin_top = 38.0
margin_right = 750.0
margin_bottom = 174.0
rect_pivot_offset = Vector2( 608.009, 69 )
theme = ExtResource( 1 )
text = "Join game"

[node name="HostGame" type="Button" parent="CenterContainer/VBoxContainer/MenuOptions"]
margin_top = 182.0
margin_right = 750.0
margin_bottom = 318.0
rect_pivot_offset = Vector2( 608.009, 69 )
theme = ExtResource( 1 )
text = "Host game"

[node name="Exit" type="Button" parent="CenterContainer/VBoxContainer/MenuOptions"]
margin_top = 326.0
margin_right = 750.0
margin_bottom = 462.0
theme = ExtResource( 1 )
text = "Exit"

[node name="NinePatchRect" type="NinePatchRect" parent="."]
margin_right = 1820.0
margin_bottom = 980.0

[node name="LabelVersion" type="Label" parent="NinePatchRect"]
anchor_top = 1.0
anchor_bottom = 1.0
margin_top = -80.0
margin_right = 149.0
size_flags_horizontal = 2
size_flags_vertical = 2
theme = ExtResource( 1 )
text = "YASH"
script = ExtResource( 2 )
__meta__ = {
"_edit_use_anchors_": false
}

[connection signal="pressed" from="CenterContainer/VBoxContainer/MenuOptions/JoinGame" to="CenterContainer/VBoxContainer/MenuOptions" method="_on_JoinGame_pressed"]
[connection signal="pressed" from="CenterContainer/VBoxContainer/MenuOptions/HostGame" to="CenterContainer/VBoxContainer/MenuOptions" method="_on_HostGame_pressed"]
[connection signal="pressed" from="CenterContainer/VBoxContainer/MenuOptions/Exit" to="CenterContainer/VBoxContainer/MenuOptions" method="_on_Exit_pressed"]
